<record><leader>00000cas a22000007a 4500</leader><controlfield tag="001">24986209</controlfield><controlfield tag="008">911217d1890189uncuwr ne      0    0eng d</controlfield><controlfield tag="009">13381</controlfield><datafield ind1=" " ind2=" " tag="010"><subfield code="a">sn 91068768 </subfield></datafield><datafield ind1=" " ind2=" " tag="040"><subfield code="a">NVJ</subfield><subfield code="b">eng</subfield><subfield code="c">NVJ</subfield></datafield><datafield ind1=" " ind2=" " tag="042"><subfield code="a">msc</subfield></datafield><datafield ind1="0" ind2="4" tag="245"><subfield code="a">The Southport leader.</subfield></datafield><datafield ind1=" " ind2=" " tag="260"><subfield code="a">Southport, N.C. :</subfield><subfield code="b">Stevens &amp; Farrell,</subfield></datafield><datafield ind1=" " ind2=" " tag="300"><subfield code="a">v.</subfield></datafield><datafield ind1=" " ind2=" " tag="310"><subfield code="a">Weekly</subfield></datafield><datafield ind1="0" ind2=" " tag="362"><subfield code="a">Vol. 1, no. 1 (Feb. 27, 1890)-v. 4, no. 52 (Feb. 15, 1894) ; Whole no. 209 (Feb. 22, 1894)-</subfield></datafield><datafield ind1=" " ind2=" " tag="752"><subfield code="a">United States</subfield><subfield code="b">North Carolina</subfield><subfield code="c">Brunswick</subfield><subfield code="d">Southport.</subfield></datafield></record>